@ARTICLE{general_2013,
       author = {{Weinberg}, David H. and {Mortonson}, Michael J. and
         {Eisenstein}, Daniel J. and {Hirata}, Christopher and {Riess}, Adam G. and
         {Rozo}, Eduardo},
        title = "{Observational probes of cosmic acceleration}",
      journal = {physrep},
     keywords = {Astrophysics - Cosmology and Nongalactic Astrophysics},
         year = "2013",
        month = "Sep",
       volume = {530},
        pages = {87-255},
          doi = {10.1016/j.physrep.2013.05.001},
archivePrefix = {arXiv},
       eprint = {1201.2434},
 primaryClass = {astro-ph.CO},
       adsurl = {https://ui.adsabs.harvard.edu/\#abs/2013PhR...530...87W},
      adsnote = {Provided by the SAO/NASA Astrophysics Data System}
}

@ARTICLE{rachel_2018,
       author = {{Mandelbaum}, Rachel},
        title = "{Weak Lensing for Precision Cosmology}",
      journal = {Annual Review of Astronomy and Astrophysics},
     keywords = {Astrophysics - Cosmology and Nongalactic Astrophysics},
         year = "2018",
        month = "Sep",
       volume = {56},
        pages = {393-433},
          doi = {10.1146/annurev-astro-081817-051928},
archivePrefix = {arXiv},
       eprint = {1710.03235},
 primaryClass = {astro-ph.CO},
       adsurl = {https://ui.adsabs.harvard.edu/\#abs/2018ARA&A..56..393M},
      adsnote = {Provided by the SAO/NASA Astrophysics Data System}
}

@inproceedings{Bartelmann:2016dvf,
      author         = "Bartelmann, Matthias and Maturi, Matteo",
      title          = "{Weak gravitational lensing}",
      year           = "2016",
      eprint         = "1612.06535",
      archivePrefix  = "arXiv",
      primaryClass   = "astro-ph.CO",
      SLACcitation   = "%%CITATION = ARXIV:1612.06535;%%"
}

@ARTICLE{massey_2013,
       author = {{Massey}, Richard and {Hoekstra}, Henk and {Kitching}, Thomas and
         {Rhodes}, Jason and {Cropper}, Mark and {Amiaux}, J{\'e}r{\^o}me and
         {Harvey}, David and {Mellier}, Yannick and {Meneghetti}, Massimo and
         {Miller}, Lance and {Paulin-Henriksson}, St{\'e}phane and {Pires}, Sand
        rine and {Scaramella}, Roberto and {Schrabback}, Tim},
        title = "{Origins of weak lensing systematics, and requirements on future instrumentation (or knowledge of instrumentation)}",
      journal = {mnras},
     keywords = {gravitational lensing: weak, instrumentation: detectors, methods: data analysis, space vehicles: instruments, telescopes, cosmological parameters, Astrophysics - Cosmology and Nongalactic Astrophysics, Astrophysics - Instrumentation and Methods for Astrophysics},
         year = "2013",
        month = "Feb",
       volume = {429},
        pages = {661-678},
          doi = {10.1093/mnras/sts371},
archivePrefix = {arXiv},
       eprint = {1210.7690},
 primaryClass = {astro-ph.CO},
       adsurl = {https://ui.adsabs.harvard.edu/\#abs/2013MNRAS.429..661M},
      adsnote = {Provided by the SAO/NASA Astrophysics Data System}
}

@ARTICLE{Subaru_2019,
       author = {{Hikage}, Chiaki and {Oguri}, Masamune and {Hamana}, Takashi and
         {More}, Surhud and {Mandelbaum}, Rachel and {Takada}, Masahiro and
         {K{\"o}hlinger}, Fabian and {Miyatake}, Hironao and
         {Nishizawa}, Atsushi J. and {Aihara}, Hiroaki and {Armstrong}, Robert and
         {Bosch}, James and {Coupon}, Jean and {Ducout}, Anne and {Ho}, Paul and
         {Hsieh}, Bau-Ching and {Komiyama}, Yutaka and
         {Lanusse}, Fran{\c{c}}ois and {Leauthaud}, Alexie and
         {Lupton}, Robert H. and {Medezinski}, Elinor and {Mineo}, Sogo and
         {Miyama}, Shoken and {Miyazaki}, Satoshi and {Murata}, Ryoma and
         {Murayama}, Hitoshi and {Shirasaki}, Masato and
         {Sif{\'o}n}, Crist{\'o}bal and {Simet}, Melanie and {Speagle}, Joshua and
         {Spergel}, David N. and {Strauss}, Michael A. and {Sugiyama}, Naoshi and
         {Tanaka}, Masayuki and {Utsumi}, Yousuke and {Wang}, Shiang-Yu and
         {Yamada}, Yoshihiko},
        title = "{Cosmology from cosmic shear power spectra with Subaru Hyper Suprime-Cam first-year data}",
      journal = {Publications of the Astronomical Society of Japan},
     keywords = {dark matter, gravitational lensing: weak, large-scale structure of universe, Astrophysics - Cosmology and Nongalactic Astrophysics},
         year = "2019",
        month = "Mar",
        pages = {22},
          doi = {10.1093/pasj/psz010},
archivePrefix = {arXiv},
       eprint = {1809.09148},
 primaryClass = {astro-ph.CO},
       adsurl = {https://ui.adsabs.harvard.edu/\#abs/2019PASJ..tmp...22H},
      adsnote = {Provided by the SAO/NASA Astrophysics Data System}
}

@ARTICLE{basicLens,
       author = {{Kuijken}, Konrad},
        title = "{The Basics of Lensing}",
      journal = {arXiv e-prints},
     keywords = {Astrophysics},
         year = "2003",
        month = "Apr",
          eid = {astro-ph/0304438},
        pages = {astro-ph/0304438},
archivePrefix = {arXiv},
       eprint = {astro-ph/0304438},
 primaryClass = {astro-ph},
       adsurl = {https://ui.adsabs.harvard.edu/abs/2003astro.ph..4438K},
      adsnote = {Provided by the SAO/NASA Astrophysics Data System}
}

@PROCEEDINGS{lensingbook,
    title = "{Gravitational Lensing: Strong, Weak and Micro}",
 keywords = {Gravitational Lensing, Microlensing, Cosmology},
booktitle = {Saas-Fee Advanced Course 33: Gravitational Lensing: Strong, Weak and Micro},
     year = 2006,
   eprint = {astro-ph/0407232},
   editor = {{Meylan}, G. and {Jetzer}, P. and {North}, P. and {Schneider}, P. and 
	{Kochanek}, C.~S. and {Wambsganss}, J.},
   adsurl = {http://adsabs.harvard.edu/abs/2006glsw.conf.....M},
  adsnote = {Provided by the SAO/NASA Astrophysics Data System}
}

@ARTICLE{GR1,
    author = {A.W. Peet},
    title = "{General Relativity Notes }",
 keywords = {Gravitational Lensing, Microlensing, Cosmology},
booktitle = {General Relativity Notes},
     year = 2018,
     pages = {https://ap.io/483f/files/gr1.pdf}
}


@ARTICLE{hoekstra,
   author = {{Hoekstra}, H. and {Jain}, B.},
    title = "{Weak Gravitational Lensing and Its Cosmological Applications}",
  journal = {Annual Review of Nuclear and Particle Science},
archivePrefix = "arXiv",
   eprint = {0805.0139},
     year = 2008,
    month = nov,
   volume = 58,
    pages = {99-123},
      doi = {10.1146/annurev.nucl.58.110707.171151},
   adsurl = {http://adsabs.harvard.edu/abs/2008ARNPS..58...99H},
  adsnote = {Provided by the SAO/NASA Astrophysics Data System}
}

@article{planck,
      author         = "Ade, P. A. R. and others",
      title          = "{Planck 2013 results. I. Overview of products and
                        scientific results}",
      collaboration  = "Planck",
      journal        = "Astron. Astrophys.",
      volume         = "571",
      year           = "2014",
      pages          = "A1",
      doi            = "10.1051/0004-6361/201321529",
      eprint         = "1303.5062",
      archivePrefix  = "arXiv",
      primaryClass   = "astro-ph.CO",
      reportNumber   = "CERN-PH-TH-2013-115",
      SLACcitation   = "%%CITATION = ARXIV:1303.5062;%%"
}

@article{peebles,
      author         = "Peebles, P. J. E. and Ratra, Bharat",
      title          = "{The Cosmological constant and dark energy}",
      journal        = "Rev. Mod. Phys.",
      volume         = "75",
      year           = "2003",
      pages          = "559-606",
      doi            = "10.1103/RevModPhys.75.559",
      eprint         = "astro-ph/0207347",
      archivePrefix  = "arXiv",
      primaryClass   = "astro-ph",
      reportNumber   = "KSUPT-02-3",
      SLACcitation   = "%%CITATION = ASTRO-PH/0207347;%%"
}
@INPROCEEDINGS{21cmpap,
   author = {{Peterson}, J.~B. and {Aleksan}, R. and {Ansari}, R. and {Bandura}, K. and 
	{Bond}, D. and {Bunton}, J. and {Carlson}, K. and {Chang}, T.-C. and 
	{DeJongh}, F. and {Dobbs}, M. and {Dodelson}, S. and {Darhmaoui}, H. and 
	{Gnedin}, N. and {Halpern}, M. and {Hogan}, C. and {Le Goff}, J.-M. and 
	{Liu}, T.~T. and {Legrouri}, A. and {Loeb}, A. and {Loudiyi}, K. and 
	{Magneville}, C. and {Marriner}, J. and {McGinnis}, D.~P. and 
	{McWilliams}, B. and {Moniez}, M. and {Palanque-Delabruille}, N. and 
	{Pasquinelli}, R.~J. and {Pen}, U.-L. and {Rich}, J. and {Scarpine}, V. and 
	{Seo}, H.-J. and {Sigurdson}, K. and {Seljak}, U. and {Stebbins}, A. and 
	{Steffen}, J.~H. and {Stoughton}, C. and {Timbie}, P.~T. and 
	{Vallinotto}, A. and {Teche}, C.},
    title = "{21-cm Intensity Mapping}",
booktitle = {astro2010: The Astronomy and Astrophysics Decadal Survey},
     year = 2009,
   series = {ArXiv Astrophysics e-prints},
   volume = 2010,
archivePrefix = "arXiv",
   eprint = {0902.3091},
 primaryClass = "astro-ph.IM",
   adsurl = {http://adsabs.harvard.edu/abs/2009astro2010S.234P},
  adsnote = {Provided by the SAO/NASA Astrophysics Data System}
}

@article{Loeb,
      author         = "Loeb, Abraham and Wyithe, Stuart",
      title          = "{Precise Measurement of the Cosmological Power Spectrum
                        With a Dedicated 21cm Survey After Reionization}",
      journal        = "Phys. Rev. Lett.",
      volume         = "100",
      year           = "2008",
      pages          = "161301",
      doi            = "10.1103/PhysRevLett.100.161301",
      eprint         = "0801.1677",
      archivePrefix  = "arXiv",
      primaryClass   = "astro-ph",
      SLACcitation   = "%%CITATION = ARXIV:0801.1677;%%"
}



@article{laura,
      author         = "Newburgh, Laura B. and others",
      title          = "{Calibrating CHIME, A New Radio Interferometer to Probe
                        Dark Energy}",
      journal        = "Proc. SPIE Int. Soc. Opt. Eng.",
      volume         = "9145",
      year           = "2014",
      pages          = "4V",
      doi            = "10.1117/12.2056962",
      eprint         = "1406.2267",
      archivePrefix  = "arXiv",
      primaryClass   = "astro-ph.IM",
      SLACcitation   = "%%CITATION = ARXIV:1406.2267;%%"
}

@misc{nobel,
title =  " The Nobel Prize in Physics 2011 - Advanced Information. Nobelprize.org.",
journal = "Nobel Media AB 2014",
year = "2014"}

@INPROCEEDINGS{pathfinder,
   author = {{Bandura}, K. and {Addison}, G.~E. and {Amiri}, M. and {Bond}, J.~R. and 
	{Campbell-Wilson}, D. and {Connor}, L. and {Cliche}, J.-F. and 
	{Davis}, G. and {Deng}, M. and {Denman}, N. and {Dobbs}, M. and 
	{Fandino}, M. and {Gibbs}, K. and {Gilbert}, A. and {Halpern}, M. and 
	{Hanna}, D. and {Hincks}, A.~D. and {Hinshaw}, G. and {H{\"o}fer}, C. and 
	{Klages}, P. and {Landecker}, T.~L. and {Masui}, K. and {Mena Parra}, J. and 
	{Newburgh}, L.~B. and {Pen}, U.-l. and {Peterson}, J.~B. and 
	{Recnik}, A. and {Shaw}, J.~R. and {Sigurdson}, K. and {Sitwell}, M. and 
	{Smecher}, G. and {Smegal}, R. and {Vanderlinde}, K. and {Wiebe}, D.
	},
    title = "{Canadian Hydrogen Intensity Mapping Experiment (CHIME) pathfinder}",
booktitle = {Ground-based and Airborne Telescopes V},
     year = 2014,
   volume = 9145,
archivePrefix = "arXiv",
   eprint = {1406.2288},
 primaryClass = "astro-ph.IM",
    month = jul,
      eid = {914522},
    pages = {914522},
      doi = {10.1117/12.2054950},}


@ARTICLE{seo,
   author = {{Seo}, H.-J. and {Eisenstein}, D.~J.},
    title = "{Probing Dark Energy with Baryonic Acoustic Oscillations from Future Large Galaxy Redshift Surveys}",
  journal = {\apj},
   eprint = {astro-ph/0307460},
 keywords = {Cosmology: Cosmological Parameters, Cosmology: Theory, Cosmology: Distance Scale, Cosmology: Large-Scale Structure of Universe, Methods: Statistical},
     year = 2003,
    month = dec,
   volume = 598,
    pages = {720-740},
      doi = {10.1086/379122},
   adsurl = {http://adsabs.harvard.edu/abs/2003ApJ...598..720S},
  adsnote = {Provided by the SAO/NASA Astrophysics Data System}
}

@article{eisen,
      author         = "Eisenstein, Daniel J. and others",
      title          = "{Detection of the Baryon Acoustic Peak in the Large-Scale
                        Correlation Function of SDSS Luminous Red Galaxies}",
      collaboration  = "SDSS",
      journal        = "Astrophys. J.",
      volume         = "633",
      year           = "2005",
      pages          = "560-574",
      doi            = "10.1086/466512",
      eprint         = "astro-ph/0501171",
      archivePrefix  = "arXiv",
      primaryClass   = "astro-ph",
      reportNumber   = "FERMILAB-PUB-05-057-A-CD",
      SLACcitation   = "%%CITATION = ASTRO-PH/0501171;%%"
}
      

@book{grif,
  title={Introduction to Quantum Mechanics},
  author={Griffiths, D.J.},
  isbn={9781107179868},
  lccn={2016427941},
  url={https://books.google.ca/books?id=0h-nDAAAQBAJ},
  year={2016},
  publisher={Cambridge University Press}
}

@article{21c,
  author={Jonathan R Pritchard and Abraham Loeb},
  title={21 cm cosmology in the 21st century},
  journal={Reports on Progress in Physics},
  volume={75},
  number={8},
  pages={086901},
  url={http://stacks.iop.org/0034-4885/75/i=8/a=086901},
  year={2012},
  abstract={Imaging the Universe during the first hundreds of millions of years remains one of the exciting challenges facing modern cosmology. Observations of the redshifted 21 cm line of atomic hydrogen offer the potential of opening a new window into this epoch. This will transform our understanding of the formation of the first stars and galaxies and of the thermal history of the Universe. A new generation of radio telescopes is being constructed for this purpose with the first results starting to trickle in. In this review, we detail the physics that governs the 21 cm signal and describe what might be learnt from upcoming observations. We also generalize our discussion to intensity mapping of other atomic and molecular lines.}
}

@misc{eisenp,
  Author = {Eisenstein, Daniel J. },
  Institution = {University of Arizona},
  Howpublished = {University of Chicago Lecture},
  Year = {2008},
  Title = {Measuring Cosmic
Distances with the Baryon
Acoustic Oscillations}
}

@article{hinshaw,
      author         = "Hinshaw, G. and others",
      title          = "{Five-Year Wilkinson Microwave Anisotropy Probe (WMAP)
                        Observations: Data Processing, Sky Maps, and Basic
                        Results}",
      collaboration  = "WMAP",
      journal        = "Astrophys. J. Suppl.",
      volume         = "180",
      year           = "2009",
      pages          = "225-245",
      doi            = "10.1088/0067-0049/180/2/225",
      eprint         = "0803.0732",
      archivePrefix  = "arXiv",
      primaryClass   = "astro-ph",
      SLACcitation   = "%%CITATION = ARXIV:0803.0732;%%"
}

@article{Chang,
      author         = "Chang, Tzu-Ching and Pen, Ue-Li and Peterson, Jeffrey B.
                        and McDonald, Patrick",
      title          = "{Baryon Acoustic Oscillation Intensity Mapping as a Test
                        of Dark Energy}",
      journal        = "Phys. Rev. Lett.",
      volume         = "100",
      year           = "2008",
      pages          = "091303",
      doi            = "10.1103/PhysRevLett.100.091303",
      eprint         = "0709.3672",
      archivePrefix  = "arXiv",
      primaryClass   = "astro-ph",
      SLACcitation   = "%%CITATION = ARXIV:0709.3672;%%"
}

@misc{nrao,
    author = "J. J. Condon and S. M. Ransom",
    title = " Essential radio astronomy ",
    Howpublished = {National Radio Astronomy Observatory}, 
    url = "http://www.cv.nrao.edu/course/astr534/ERA.shtml",
    year = "2010"
}

@phdthesis{Good, series={Electronic Theses and Dissertations (ETDs) 2008+}, title={Redundant baseline calibration in CHIME : a first implementation & application as beam probe}, url={https://open.library.ubc.ca/cIRcle/collections/24/items/1.0355206}, DOI={http://dx.doi.org/10.14288/1.0355206}, school={University of British Columbia}, author={Good, Deborah C.}, year={2017}, collection={Electronic Theses and Dissertations (ETDs) 2008+}}


@ARTICLE{shaw,
   author = {{Shaw}, J.~R. and {Sigurdson}, K. and {Pen}, U.-L. and {Stebbins}, A. and 
	{Sitwell}, M.},
    title = "{All-sky Interferometry with Spherical Harmonic Transit Telescopes}",
  journal = {\apj},
archivePrefix = "arXiv",
   eprint = {1302.0327},
 primaryClass = "astro-ph.CO",
 keywords = {cosmology: observations, dark energy, large-scale structure of universe, methods: data analysis, radio continuum: general},
     year = 2014,
    month = feb,
   volume = 781,
      eid = {57},
    pages = {57},
      doi = {10.1088/0004-637X/781/2/57},
   adsurl = {http://adsabs.harvard.edu/abs/2014ApJ...781...57S},
  adsnote = {Provided by the SAO/NASA Astrophysics Data System}
}

@article{nova,
  author={Adam G. Riess and Alexei V. Filippenko and Peter Challis and Alejandro Clocchiatti and Alan Diercks and Peter M.
Garnavich and Ron L. Gilliland and Craig J. Hogan and Saurabh Jha and Robert P. Kirshner and B. Leibundgut and M. M.
Phillips and David Reiss and Brian P. Schmidt and Robert A. Schommer and R. Chris Smith and J. Spyromilio and Christopher
Stubbs and Nicholas B. Suntzeff and John Tonry},
  title={Observational Evidence from Supernovae for an Accelerating Universe and a Cosmological Constant},
  journal={The Astronomical Journal},
  volume={116},
  number={3},
  pages={1009},
  url={http://stacks.iop.org/1538-3881/116/i=3/a=1009},
  year={1998},
}

@ARTICLE{fried,
   author = {{Nemiroff}, R.~J. and {Patla}, B.},
    title = "{Adventures in Friedmann cosmology: A detailed expansion of the cosmological Friedmann equations}",
  journal = {American Journal of Physics},
   eprint = {astro-ph/0703739},
 keywords = {General relativity and gravitation},
     year = 2008,
    month = mar,
   volume = 76,
    pages = {265-276},
      doi = {10.1119/1.2830536},
   adsurl = {http://adsabs.harvard.edu/abs/2008AmJPh..76..265N},
  adsnote = {Provided by the SAO/NASA Astrophysics Data System}
}

@INPROCEEDINGS{candle,
   author = {{Filippenko}, A.~V. and {Riess}, A.~G. and {High-Z Supernova Search Team}
	},
    title = "{Evidence from Type Ia supernovae for an accelerating universe}",
 keywords = {Supernovae, Observational cosmology},
booktitle = {Particle Physics and Cosmology},
     year = 2000,
   series = {American Institute of Physics Conference Series},
   volume = 540,
   eprint = {astro-ph/0008057},
   editor = {{Nieves}, J.~F.},
    month = oct,
    pages = {227-246},
      doi = {10.1063/1.1328887},
   adsurl = {http://adsabs.harvard.edu/abs/2000AIPC..540..227F},
  adsnote = {Provided by the SAO/NASA Astrophysics Data System}
}


@ARTICLE{inflat,
   author = {{Riotto}, A.},
    title = "{Particle cosmology}",
  journal = {ArXiv e-prints},
archivePrefix = "arXiv",
   eprint = {1010.2642},
 primaryClass = "hep-ph",
 keywords = {High Energy Physics - Phenomenology, Astrophysics - Cosmology and Nongalactic Astrophysics, General Relativity and Quantum Cosmology},
     year = 2010,
    month = oct,
   adsurl = {http://adsabs.harvard.edu/abs/2010arXiv1010.2642R},
  adsnote = {Provided by the SAO/NASA Astrophysics Data System}
}

@misc{nasa,
    author = "NASA/WMAP Science Team",
    title = " Timeline of the universe ",
    Howpublished = {NASA website}, 
    url = "https://map.gsfc.nasa.gov/media/060915/index.html",
    year = "2010"
}

@article {Hubble168,
	author = {Hubble, Edwin},
	title = {A relation between distance and radial velocity among extra-galactic nebulae},
	volume = {15},
	number = {3},
	pages = {168--173},
	year = {1929},
	doi = {10.1073/pnas.15.3.168},
	publisher = {National Academy of Sciences},
	issn = {0027-8424},
	URL = {http://www.pnas.org/content/15/3/168},
	eprint = {http://www.pnas.org/content/15/3/168.full.pdf},
	journal = {Proceedings of the National Academy of Sciences}
}

@book{ryden,
  title={Introduction to Cosmology},
  author={Ryden, B.},
  isbn={9781107154834},
  lccn={2016040124},
  url={https://books.google.ca/books?id=07WSDQAAQBAJ},
  year={2016},
  publisher={Cambridge University Press}
}

@BOOK{extragalactic,
   author = {{Schneider}, P.},
    title = "{Extragalactic Astronomy and Cosmology}",
booktitle = {Extragalactic Astronomy and Cosmology, by Peter Schneider.~Berlin: Springer, 2006.},
     year = 2006,
   adsurl = {http://adsabs.harvard.edu/abs/2006eac..book.....S},
  adsnote = {Provided by the SAO/NASA Astrophysics Data System}
}

@article{Hogg:1999ad,
      author         = "Hogg, David W.",
      title          = "{Distance measures in cosmology}",
      year           = "1999",
      eprint         = "astro-ph/9905116",
      archivePrefix  = "arXiv",
      primaryClass   = "astro-ph",
      SLACcitation   = "%%CITATION = ASTRO-PH/9905116;%%"
}

@article{Mellier:1998pk,
      author         = "Mellier, Yannick",
      title          = "{Probing the universe with weak lensing}",
      journal        = "Ann. Rev. Astron. Astrophys.",
      volume         = "37",
      year           = "1999",
      pages          = "127-189",
      doi            = "10.1146/annurev.astro.37.1.127",
      eprint         = "astro-ph/9812172",
      archivePrefix  = "arXiv",
      primaryClass   = "astro-ph",
      SLACcitation   = "%%CITATION = ASTRO-PH/9812172;%%"
}

@article{Hoekstra:2013gua,
      author         = "Hoekstra, H.",
      title          = "{Weak gravitational lensing}",
      booktitle      = "{Proceedings, International School of Physics 'Enrico
                        Fermi': New Horizons for Observational Cosmology: Rome,
                        Italy, June 30-July 6, 2013}",
      journal        = "Proc. Int. Sch. Phys. Fermi",
      volume         = "186",
      year           = "2014",
      pages          = "59-100",
      doi            = "10.3254/978-1-61499-476-3-59",
      eprint         = "1312.5981",
      archivePrefix  = "arXiv",
      primaryClass   = "astro-ph.CO",
      reportNumber   = "STRW-12-13",
      SLACcitation   = "%%CITATION = ARXIV:1312.5981;%%"
}